<?xml version="1.0" encoding="UTF-8"?><record xmlns="http://www.loc.gov/MARC21/slim" xmlns:cinclude="http://apache.org/cocoon/include/1.0" xmlns:zs="http://www.loc.gov/zing/srw/">
  <leader>00576nz  a2200145n  4500</leader>
  <controlfield tag="001">no2012140724</controlfield>
  <controlfield tag="003">DLC</controlfield>
  <controlfield tag="005">20121031075131.0</controlfield>
  <controlfield tag="008">121029n| acannaabn          |a aaa     c</controlfield>
  <datafield tag="010" ind1=" " ind2=" ">
    <subfield code="a">no2012140724</subfield>
  </datafield>
  <datafield tag="035" ind1=" " ind2=" ">
    <subfield code="a">(OCoLC)oca09335456</subfield>
  </datafield>
  <datafield tag="040" ind1=" " ind2=" ">
    <subfield code="a">ZA-PrTUT</subfield>
    <subfield code="b">eng</subfield>
    <subfield code="c">ZA-PrTUT</subfield>
  </datafield>
  <datafield tag="100" ind1="1" ind2=" ">
    <subfield code="a">Mishra, Snigdha</subfield>
  </datafield>
  <datafield tag="400" ind1="0" ind2=" ">
    <subfield code="a">Snigdha Mishra</subfield>
  </datafield>
  <datafield tag="670" ind1=" " ind2=" ">
    <subfield code="a">Re-inventing HR in coming decades, 2012:</subfield>
    <subfield code="b">t.p. (Dr. Snigdha Mishra) About the authors (Dr. Snigdha Mishra, MPhil, PhD in Personnel Management and Industrial Relations, Utkal Univ., Orissa; Faculty in ITM Business School, Kharghar, Navi Mumbai)</subfield>
  </datafield>
</record>